@article{thompson2020computational,
  title={The computational limits of deep learning},
  author={Thompson, Neil C and Greenewald, Kristjan and Lee, Keeheon and Manso, Gabriel F},
  journal={arXiv preprint arXiv:2007.05558},
  volume={10},
  year={2020}
}
@misc{sevilla2022compute,
      title={Compute Trends Across Three Eras of Machine Learning}, 
      author={Jaime Sevilla and Lennart Heim and Anson Ho and Tamay Besiroglu and Marius Hobbhahn and Pablo Villalobos},
      year={2022},
      eprint={2202.05924},
      archivePrefix={arXiv},
      primaryClass={cs.LG}
}

@article{rosenblatt1958perceptron,
  title={The perceptron: a probabilistic model for information storage and organization in the brain.},
  author={Rosenblatt, Frank},
  journal={Psychological review},
  volume={65},
  number={6},
  pages={386},
  year={1958},
  publisher={American Psychological Association}
}

@article{lecun1998gradient,
  title={Gradient-based learning applied to document recognition},
  author={LeCun, Yann and Bottou, L{\'e}on and Bengio, Yoshua and Haffner, Patrick},
  journal={Proceedings of the IEEE},
  volume={86},
  number={11},
  pages={2278--2324},
  year={1998},
  publisher={Ieee}
}

@inproceedings{krizhevsky2012imagenet,
  title={Imagenet classification with deep convolutional neural networks},
  author={Krizhevsky, Alex and Sutskever, Ilya and Hinton, Geoffrey E},
  booktitle={Advances in neural information processing systems},
  volume={25},
  pages={1097--1105},
  year={2012}
}

@inproceedings{raina2009large,
  title={Large-scale deep unsupervised learning using graphics processors},
  author={Raina, Rajat and Madhavan, Anand and Ng, Andrew Y},
  booktitle={Proceedings of the 26th annual international conference on machine learning},
  pages={873--880},
  year={2009}
}

@inproceedings{jouppi2017datacenter,
  title={In-datacenter performance analysis of a tensor processing unit},
  author={Jouppi, Norman P and Young, Cliff and Patil, Nishant and Patterson, David},
  booktitle={Proceedings of the 44th annual international symposium on computer architecture},
  pages={1--12},
  year={2017}
}

@inproceedings{vaswani2017attention,
  title={Attention is all you need},
  author={Vaswani, Ashish and Shazeer, Noam and Parmar, Niki and Uszkoreit, Jakob and Jones, Llion and Gomez, Aidan N and Kaiser, {\L}ukasz and Polosukhin, Illia},
  booktitle={Advances in neural information processing systems},
  pages={5998--6008},
  year={2017}
}

@article{devlin2018bert,
  title={Bert: Pre-training of deep bidirectional transformers for language understanding},
  author={Devlin, Jacob and Chang, Ming-Wei and Lee, Kenton and Toutanova, Kristina},
  journal={arXiv preprint arXiv:1810.04805},
  year={2018}
}

@article{brown2020language,
  title={Language models are few-shot learners},
  author={Brown, Tom and Mann, Benjamin and Ryder, Nick and Subbiah, Melanie and Kaplan, Jared D and Dhariwal, Prafulla and Neelakantan, Arvind and Shyam, Pranav and Sastry, Girish and Askell, Amanda and others},
  journal={Advances in neural information processing systems},
  volume={33},
  pages={1877--1901},
  year={2020}
}

@article{wang2019benchmarking,
  title={Benchmarking TPU, GPU, and CPU platforms for deep learning},
  author={Wang, Yu Emma and Wei, Gu-Yeon and Brooks, David},
  journal={arXiv preprint arXiv:1907.10701},
  year={2019}
	}

@article{openai2023gpt4,
    title={GPT-4 Technical Report},
    author={{OpenAI}},
    journal={arXiv preprint arXiv:2303.08774},
    year={2023}
}

@article{patterson2021carbon,
    title={Carbon emissions and large neural network training},
    author={Patterson, David and Gonzalez, Joseph and Le, Quoc and Liang, Chen and Munguia, Lluis-Miquel and Rothchild, Daniel and So, David and Texier, Maud and Dean, Jeff},
    journal={arXiv preprint arXiv:2104.10350},
    year={2021}
}

@article{amodei2018ai,
    title={AI and compute},
    author={Amodei, Dario and Hernandez, Danny},
    journal={OpenAI Blog},
    volume={2},
    year={2018}
}

@article{kaplan2020scaling,
    title={Scaling laws for neural language models},
    author={Kaplan, Jared and McCandlish, Sam and Henighan, Tom and Brown, Tom B and Chess, Benjamin and Child, Rewon and Gray, Scott and Radford, Alec and Wu, Jeffrey and Amodei, Dario},
    journal={arXiv preprint arXiv:2001.08361},
    year={2020}
}

@article{hoffmann2022training,
    title={Training compute-optimal large language models},
    author={Hoffmann, Jordan and Borgeaud, Sebastian and Mensch, Arthur and Buchatskaya, Elena and Cai, Trevor and Rutherford, Evan and Casas, Diego de Las and Hendricks, Lisa Anne and Welbl, Johannes and Clark, Aidan and others},
    journal={arXiv preprint arXiv:2203.15556},
    year={2022}
}

@misc{epoch2023trendsinmachinelearninghardware,
  title={Trends in Machine Learning Hardware},
  author={Marius Hobbhahn and Lennart Heim and Gökçe Aydos},
  year={2023},
  url={https://epoch.ai/blog/trends-in-machine-learning-hardware},
  note={Accessed: 2025-01-27}
}

@misc{fortune2025,
title        = {Edge Computing Market Size, Share \& Trends | Growth [2032]},
author       = {{Fortune Business Insights}},
year         = {2025},
url          = {https://www.fortunebusinessinsights.com/edge-computing-market-103760},
note         = {Accessed: 2025-01-27}
}

@inproceedings{gopala2024,
title        = {Edge Computing vs. Cloud Computing: An Overview of Big Data Challenges and Opportunities for Large Enterprises},
author       = {Gopala and Krishna Sriram},
year         = {2024},
url          = {https://www.semanticscholar.org/paper/EDGE-COMPUTING-VS.-CLOUD-COMPUTING%3A-AN-OVERVIEW-OF-Gopala-Sriram/c216308a38d04ba3582fd66a2edf1156efa588e3}
}

@misc{apple2024iphone16pro,
title        = {iPhone 16 Pro and 16 Pro Max - Technical Specifications},
author       = {{Apple Inc.}},
year         = {2024},
url          = {https://www.apple.com/iphone-16-pro/specs/}
}

@report{cognitive2024,
title        = {Global Edge AI Chips Market Report 2024},
author       = {{Cognitive Market Research}},
year         = {2024},
url          = {https://www.cognitivemarketresearch.com/edge-ai-chips-market-report}
}

@report{idtechex2024,
title        = {AI Chips for Edge Applications 2024-2034: Artificial Intelligence at the Edge},
author       = {{IDTechEx}},
year         = {2024},
url          = {https://www.idtechex.com/en/research-report/ai-chips-for-edge-applications-2024-2034-artificial-intelligence-at-the-edge/956}
}

@report{precedence2024,
title        = {Edge Computing Market Size to Hit USD 5,132.29 Billion by 2034},
author       = {{Precedence Research}},
year         = {2024},
url          = {https://www.precedenceresearch.com/edge-computing-market}
}

@online{nvidia2023,
title        = {NVIDIA Jetson AGX Orin TFLOPS Specifications},
author       = {NVIDIA},
year         = {2023},
url          = {https://forums.developer.nvidia.com/t/whether-tflops-on-tensor-cores-is-sparse-tflops-or-dense-tflops/248630},
note         = {Forum discussion clarifying sparse vs. dense TFLOPS}
}

@misc{apple2024iphone16,
title        = {iPhone 16 - Tech Specs},
author       = {{Apple Inc.}},
year         = {2024},
url          = {https://support.apple.com/en-us/121029}
}

@article{liu2024deepseek,
  title={Deepseek-v3 technical report},
  author={Liu, Aixin and Feng, Bei and Xue, Bing and Wang, Bingxuan and Wu, Bochao and Lu, Chengda and Zhao, Chenggang and Deng, Chengqi and Zhang, Chenyu and Ruan, Chong and others},
  journal={arXiv preprint arXiv:2412.19437},
  year={2024}
}

@article{kressel2023end,
  title={The end of Moore's Law? Innovation in computer systems continues},
  author={Kressel, Henry},
  journal={Artificial Intelligence in Science: Challenges, Opportunities and the Future of Research},
  publisher={OECD Publishing},
  year={2023},
  doi={10.1787/a8d820bd-en}
}


@article{benzinga2024tsmc,
    title={Apple, Nvidia Secure Future with Taiwan Semi's Advanced Chips as AI Demand Soars},
    author={Benzinga Staff},
    journal={Benzinga},
    year={2024},
    month={June},
    url={https://www.benzinga.com/news/24/06/39310821/}
}


@article{scaleflux2024ai,
    title={AI's Hardware Hunger: The Global Semiconductor Supply Chain Under Pressure},
    author={{ScaleFlux Research}},
    journal={ScaleFlux Insights},
    year={2024},
    url={https://scaleflux.com/in-the-media/ai-hardware-hunger-the-global-semiconductor-supply-chain-under-pressure/},
    note={Accessed: 2025-01-27}
}
